<?xml version="1.0" encoding="UTF-8" ?>
<collection xmlns:xsi="http://www.w3.org/2001/XMLSchema-instance"
    xsi:schemaLocation="http://www.loc.gov/MARC21/slim
        http://www.loc.gov/standards/marcxml/schema/MARC21slim.xsd"
    xmlns="http://www.loc.gov/MARC21/slim">
<record>
  <leader>00242cam a2200457 i 4500</leader>
  <controlfield tag="001">b12725985</controlfield>
  <controlfield tag="003">LeBAU</controlfield>
  <controlfield tag="005">20190625</controlfield>
  <controlfield tag="008">971017s1946    ua       b    ||1 0 ara d</controlfield>
  <datafield tag="035" ind1=" " ind2=" ">
    <subfield code="a">ocn784485271</subfield>
  </datafield>
  <datafield tag="037" ind1=" " ind2=" ">
    <subfield code="b">Dr. Najla Abu Izzeddin</subfield>
    <subfield code="z">34300</subfield>
  </datafield>
  <datafield tag="040" ind1=" " ind2=" ">
    <subfield code="a">LEAUB</subfield>
    <subfield code="b">ara</subfield>
    <subfield code="e">rda</subfield>
    <subfield code="c">LEAUB</subfield>
    <subfield code="d">LEAUB</subfield>
  </datafield>
  <datafield tag="082" ind1="0" ind2="4">
    <subfield code="a">962</subfield>
    <subfield code="2">23</subfield>
  </datafield>
  <datafield tag="100" ind1="1" ind2=" ">
    <subfield code="6">880-01</subfield>
    <subfield code="a">Rāfiʻī, ʻAbd al-Raḥmān,</subfield>
    <subfield code="e">author.</subfield>
  </datafield>
  <datafield tag="245" ind1="1" ind2="0">
    <subfield code="6">880-02</subfield>
    <subfield code="a">Thawrat sanat 1919 :</subfield>
    <subfield code="b">tārīkh Miṣr al-qawmī min sanat 1914 ilá sanat 1921 /</subfield>
    <subfield code="c">bi-qalam ʻAbd al-Raḥmān al-Rāfiʻī bik.</subfield>
  </datafield>
  <datafield tag="250" ind1=" " ind2=" ">
    <subfield code="6">880-03</subfield>
    <subfield code="a">al-Ṭabʻah al-ūlá.</subfield>
  </datafield>
  <datafield tag="264" ind1=" " ind2="1">
    <subfield code="6">880-04</subfield>
    <subfield code="a">al-Qāhirah :</subfield>
    <subfield code="b">Maktabat al-Nahḍah al-Miṣrīyah,</subfield>
    <subfield code="c">1365 H. = 1946 M.</subfield>
  </datafield>
  <datafield tag="300" ind1=" " ind2=" ">
    <subfield code="6">880-05</subfield>
    <subfield code="a">1 volume (207, 230 pages) ;</subfield>
    <subfield code="c">27 cm</subfield>
  </datafield>
  <datafield tag="336" ind1=" " ind2=" ">
    <subfield code="a">text</subfield>
    <subfield code="b">txt</subfield>
    <subfield code="2">rdacontent</subfield>
  </datafield>
  <datafield tag="337" ind1=" " ind2=" ">
    <subfield code="a">unmediated</subfield>
    <subfield code="b">n</subfield>
    <subfield code="2">rdamedia</subfield>
  </datafield>
  <datafield tag="338" ind1=" " ind2=" ">
    <subfield code="a">volume</subfield>
    <subfield code="b">nc</subfield>
    <subfield code="2">rdacarrier</subfield>
  </datafield>
  <datafield tag="500" ind1=" " ind2=" ">
    <subfield code="a">2 جزء ببليوغرافي في 1 مجلد مادي.</subfield>
  </datafield>
  <datafield tag="505" ind1="0" ind2=" ">
    <subfield code="a">ثورة سنة 1919: الجزء الأول. يشتمل على شرح حالة مصر وحوادثها التاريخية أثناء الحرب العالمية الأولى (1914-1918) وبيان الأسباب السياسية والإقتصادية والإجتماعية للثورة. وتطور الحوادث من بعد إنتهاء الحرب الى شبوب الثورة في مارس سنة 1919. ثم وقائع الثورة في القاهرة والأقاليم -- الجزء الثاني. مهادنة الثورة - إستمرار الثورة -- محاكمات الثورة -- لجنة ملنر والحوادث التي لابستها - مفاوضات ملنر - إستشارة الأمة في مشروع ملنر - التبليغ البريطاني بأن الحماية علاقة غير مرضية - هل نحجت الثورة وفيم نجحت؟ -- وثائق تاريخية.</subfield>
  </datafield>
  <datafield tag="651" ind1=" " ind2="4">
    <subfield code="a">مصر</subfield>
    <subfield code="x">تاريخ</subfield>
    <subfield code="y">الإحتلال البريطاني، 1882-1936.</subfield>
  </datafield>
  <datafield tag="651" ind1=" " ind2="4">
    <subfield code="a">مصر</subfield>
    <subfield code="x">تاريخ</subfield>
    <subfield code="y">العصيان المسلح، 1919.</subfield>
  </datafield>
  <datafield tag="651" ind1=" " ind2="4">
    <subfield code="a">مصر</subfield>
    <subfield code="x">السياسة والحكومة.</subfield>
  </datafield>
  <datafield tag="651" ind1=" " ind2="0">
    <subfield code="a">Egypt</subfield>
    <subfield code="x">History</subfield>
    <subfield code="y">British occupation, 1882-1936.</subfield>
  </datafield>
  <datafield tag="651" ind1=" " ind2="0">
    <subfield code="a">Egypt</subfield>
    <subfield code="x">History</subfield>
    <subfield code="y">Insurrection, 1919.</subfield>
  </datafield>
  <datafield tag="651" ind1=" " ind2="0">
    <subfield code="a">Egypt</subfield>
    <subfield code="x">Politics and government.</subfield>
  </datafield>
  <datafield tag="775" ind1="0" ind2="8">
    <subfield code="6">880-06</subfield>
    <subfield code="i">has designation of edition</subfield>
    <subfield code="4">http://rdaregistry.info/Elements/m/P30133 :</subfield>
    <subfield code="a">Rāfiʻī, ʻAbd al-Raḥmān.</subfield>
    <subfield code="t">Thawrat sanat 1919 : tārīkh Miṣr al-qawmī min sanat 1914 ilá sanat 1921.</subfield>
    <subfield code="b">al-Ṭabʻah al-thānīyah.</subfield>
    <subfield code="d">al-Qāhirah : Maktabat al-Nahḍah al-Miṣrīyah, 1374 H. = 1955 M.</subfield>
    <subfield code="w">(OCoLC)784485273</subfield>
    <subfield code="w">(OCoLC)784485273</subfield>
  </datafield>
  <datafield tag="852" ind1=" " ind2=" ">
    <subfield code="a">Jafet Library</subfield>
    <subfield code="e">American University of Beirut, Bliss Street , Beirut, Lebanon.</subfield>
  </datafield>
  <datafield tag="880" ind1="1" ind2=" ">
    <subfield code="6">100-01/(3/r</subfield>
    <subfield code="a">الرافعي، عبد الرحمن،</subfield>
    <subfield code="e">مؤلف. </subfield>
    <subfield code="4">aut.</subfield>
  </datafield>
  <datafield tag="880" ind1="1" ind2="0">
    <subfield code="6">245-02/(3/r</subfield>
    <subfield code="a">ثورة سنة 1919 :</subfield>
    <subfield code="b">تاريخ مصر القومي من سنة 1914 إلى سنة 1921 /</subfield>
    <subfield code="c">بقلم عبد الرحمن الرافعي بك.</subfield>
  </datafield>
  <datafield tag="880" ind1=" " ind2=" ">
    <subfield code="6">250-03/(3/r</subfield>
    <subfield code="a">الطبعة الاولى.</subfield>
  </datafield>
  <datafield tag="880" ind1=" " ind2="1">
    <subfield code="6">264-04/(3/r</subfield>
    <subfield code="a">القاهرة :</subfield>
    <subfield code="b">مكتبة النهضة المصرية،</subfield>
    <subfield code="c">1365 هـ. = 1946 م.</subfield>
  </datafield>
  <datafield tag="880" ind1=" " ind2=" ">
    <subfield code="6">300-05/(3/r</subfield>
    <subfield code="a">1 جزء (207، 230 صفحة) ؛</subfield>
    <subfield code="c">27 سم</subfield>
  </datafield>
  <datafield tag="880" ind1="0" ind2="8">
    <subfield code="6">775-06/(3/r</subfield>
    <subfield code="i">دلالة على الطبعة</subfield>
    <subfield code="4">http://rdaregistry.info/Elements/m/P30133 :</subfield>
    <subfield code="a">الرافعي، عبد الرحمن.</subfield>
    <subfield code="t">ثورة سنة 1919 : تاريخ مصر القومي من سنة 1914 إلى سنة 1921.</subfield>
    <subfield code="b">الطبعة الثانية</subfield>
    <subfield code="d">القاهرة : مكتبة النهضة المصرية، 1374 هـ. = 1955 م.</subfield>
    <subfield code="w">(LEAUB)b12725997</subfield>
    <subfield code="w">(OCoLC)784485273</subfield>
  </datafield>
  <datafield tag="907" ind1=" " ind2=" ">
    <subfield code="a">.b12725985</subfield>
    <subfield code="b">19-07-12</subfield>
    <subfield code="c">11-05-24</subfield>
  </datafield>
  <datafield tag="907" ind1=" " ind2=" ">
    <subfield code="a">.b12725985</subfield>
    <subfield code="b">15-10-15</subfield>
    <subfield code="c">11-05-24</subfield>
  </datafield>
  <datafield tag="945" ind1=" " ind2=" ">
    <subfield code="f">J</subfield>
    <subfield code="a">962:R13thA:v.1-2:c.1</subfield>
    <subfield code="i">00372997</subfield>
    <subfield code="j">.i13286481</subfield>
    <subfield code="l">u0503</subfield>
  </datafield>
  <datafield tag="998" ind1=" " ind2=" ">
    <subfield code="a">u05</subfield>
    <subfield code="b">97-10-17</subfield>
    <subfield code="c">m</subfield>
    <subfield code="d">a  </subfield>
    <subfield code="e">-</subfield>
    <subfield code="f">ara</subfield>
    <subfield code="g">ua </subfield>
    <subfield code="h">0</subfield>
    <subfield code="i">1</subfield>
  </datafield>
</record>
</collection>
